@article{gruver2023large,
  title   = {Large language models are zero-shot time series forecasters},
  author  = {Gruver, Nate and Finzi, Marc and Qiu, Shikai and Wilson, Andrew G},
  journal = {Advances in Neural Information Processing Systems},
  volume  = {36},
  pages   = {19622--19635},
  year    = {2023}
} 
@article{su2024roformer,
  title     = {Roformer: Enhanced transformer with rotary position embedding},
  author    = {Su, Jianlin and Ahmed, Murtadha and Lu, Yu and Pan, Shengfeng and Bo, Wen and Liu, Yunfeng},
  journal   = {Neurocomputing},
  volume    = {568},
  pages     = {127063},
  year      = {2024},
  publisher = {Elsevier}
}
@article{hu2022lora,
  title={Lora: Low-rank adaptation of large language models.},
  author={Hu, Edward J and Shen, Yelong and Wallis, Phillip and Allen-Zhu, Zeyuan and Li, Yuanzhi and Wang, Shean and Wang, Lu and Chen, Weizhu and others},
  journal={ICLR},
  volume={1},
  number={2},
  pages={3},
  year={2022}
}